<record><leader>03874cam a2200517 i 4500</leader><controlfield tag="001">6803155</controlfield><controlfield tag="003">OCoLC</controlfield><controlfield tag="005">20150123113229.0</controlfield><controlfield tag="008">140724t20152015nyua     b    001 0 eng  </controlfield><datafield ind1=" " ind2=" " tag="010"><subfield code="a">  2014020798</subfield></datafield><datafield ind1=" " ind2=" " tag="015"><subfield code="a">GBB4B9863</subfield><subfield code="2">bnb</subfield></datafield><datafield ind1="7" ind2=" " tag="016"><subfield code="a">016913259</subfield><subfield code="2">Uk</subfield></datafield><datafield ind1=" " ind2=" " tag="020"><subfield code="a">9781479898992 (hardback)</subfield></datafield><datafield ind1=" " ind2=" " tag="020"><subfield code="a">1479898996 (hardback)</subfield></datafield><datafield ind1=" " ind2=" " tag="020"><subfield code="a">9781479847761 (pb)</subfield></datafield><datafield ind1=" " ind2=" " tag="020"><subfield code="a">1479847763 (pb)</subfield></datafield><datafield ind1="8" ind2=" " tag="024"><subfield code="a">40024230744</subfield></datafield><datafield ind1=" " ind2=" " tag="035"><subfield code="a">ocn876883245</subfield></datafield><datafield ind1=" " ind2=" " tag="040"><subfield code="a">DLC</subfield><subfield code="b">eng</subfield><subfield code="e">rda</subfield><subfield code="c">DLC</subfield><subfield code="d">YDXCP</subfield><subfield code="d">BTCTA</subfield><subfield code="d">BDX</subfield><subfield code="d">UKMGB</subfield><subfield code="d">AZS</subfield><subfield code="d">YUS</subfield><subfield code="d">STF</subfield><subfield code="d">ZWZ</subfield><subfield code="d">PUL</subfield><subfield code="d">UAB</subfield><subfield code="d">AEU</subfield></datafield><datafield ind1=" " ind2=" " tag="042"><subfield code="a">pcc</subfield></datafield><datafield ind1="0" ind2="0" tag="050"><subfield code="a">JC323</subfield><subfield code="b">.B648 2015</subfield></datafield><datafield ind1="0" ind2="0" tag="082"><subfield code="a">306.2</subfield><subfield code="2">23</subfield></datafield><datafield ind1=" " ind2=" " tag="084"><subfield code="a">SOC026000</subfield><subfield code="a">SOC028000</subfield><subfield code="a">SOC007000</subfield><subfield code="2">bisacsh</subfield></datafield><datafield ind1=" " ind2=" " tag="090"><subfield code="a">JC 323 B648 2015</subfield><subfield code="b">AEU</subfield></datafield><datafield ind1=" " ind2=" " tag="090"><subfield code="a">JC323 .B648 2015</subfield><subfield code="b">AEGMCT</subfield></datafield><datafield ind1="0" ind2="0" tag="245"><subfield code="a">Border politics :</subfield><subfield code="b">social movements, collective identities, and globalization /</subfield><subfield code="c">edited by Nancy A. Naples and Jennifer Bickham Mendez.</subfield></datafield><datafield ind1=" " ind2="1" tag="264"><subfield code="a">New York :</subfield><subfield code="b">New York University Press,</subfield><subfield code="c">[2015]</subfield></datafield><datafield ind1=" " ind2="4" tag="264"><subfield code="c">&#169;2015</subfield></datafield><datafield ind1=" " ind2=" " tag="300"><subfield code="a">ix, 405 pages :</subfield><subfield code="b">illustrations ;</subfield><subfield code="c">23 cm</subfield></datafield><datafield ind1=" " ind2=" " tag="336"><subfield code="a">text</subfield><subfield code="2">rdacontent</subfield></datafield><datafield ind1=" " ind2=" " tag="337"><subfield code="a">unmediated</subfield><subfield code="2">rdamedia</subfield></datafield><datafield ind1=" " ind2=" " tag="338"><subfield code="a">volume</subfield><subfield code="2">rdacarrier</subfield></datafield><datafield ind1=" " ind2=" " tag="504"><subfield code="a">Includes bibliographical references and index.</subfield></datafield><datafield ind1=" " ind2=" " tag="520"><subfield code="a">"In the current historical moment borders have taken on heightened material and symbolic significance, shaping identities and the social and political landscape. "Borders"--defined broadly to include territorial dividing lines as well as sociocultural boundaries--have become increasingly salient sites of struggle over social belonging and cultural and material resources. How do contemporary activists navigate and challenge these borders? What meanings do they ascribe to different social, cultural and political boundaries, and how do these meanings shape the strategies in which they engage? Moreover, how do these social movements confront internal borders based on the differences that emerge within social change initiatives? Border Politics, edited by Nancy A. Naples and Jennifer Bickham Mendez, explores these important questions through eleven carefully selected case studies situated in geographic contexts around the globe. By conceptualizing struggles over identity, social belonging and exclusion as extensions of border politics, the authors capture the complex ways in which geographic, cultural, and symbolic dividing lines are blurred and transcended, but also fortified and redrawn. This volume notably places right-wing and social justice initiatives in the same analytical frame to identify patterns that span the political spectrum. Border Politics offers a lens through which to understand borders as sites of diverse struggles, as well as the strategies and practices used by diverse social movements in today's globally interconnected world. Contributors: Phillip Ayoub, Renata Blumberg, Yvonne Braun, Moon Charania, Michael Dreiling, Jennifer Johnson, Jesse Klein, Andrej Kurnik, Sarah Maddison, Duncan McDuie-Ra, Jennifer Bickham Mendez, Nancy A. Naples, David Paternotte, Maple Razsa, Raphi Rechitsky, Kyle Rogers, Deana Rohlinger, Cristina Sanidad, Meera Sehgal, Tara Stamm, Michelle Tellez"--</subfield><subfield code="c">Provided by publisher.</subfield></datafield><datafield ind1=" " ind2=" " tag="596"><subfield code="a">16 29</subfield></datafield><datafield ind1=" " ind2="0" tag="650"><subfield code="a">Boundaries</subfield><subfield code="x">Social aspects.</subfield></datafield><datafield ind1=" " ind2="0" tag="650"><subfield code="a">Borderlands</subfield><subfield code="x">Social aspects.</subfield></datafield><datafield ind1=" " ind2="0" tag="650"><subfield code="a">Group identity.</subfield></datafield><datafield ind1=" " ind2="0" tag="650"><subfield code="a">Collective memory.</subfield></datafield><datafield ind1=" " ind2="0" tag="650"><subfield code="a">Social movements.</subfield></datafield><datafield ind1="1" ind2=" " tag="700"><subfield code="a">Naples, Nancy A.</subfield></datafield><datafield ind1="1" ind2=" " tag="700"><subfield code="a">M&#233;ndez, Jennifer Bickham.</subfield></datafield><datafield ind1="4" ind2="2" tag="856"><subfield code="3">Cover image</subfield><subfield code="u">http://www.netread.com/jcusers/1313/2883701/image/lgcover.9781479898992.jpg</subfield></datafield><datafield ind1=" " ind2=" " tag="949"><subfield code="a">JC 323 B648 2015</subfield><subfield code="c">1</subfield><subfield code="h">UAAU-B</subfield><subfield code="i">0162035236510</subfield></datafield><datafield ind1=" " ind2=" " tag="926"><subfield code="a">JC 323 B648 2015</subfield><subfield code="w">LC</subfield><subfield code="c">1</subfield><subfield code="i">0162035236510</subfield><subfield code="d">7/4/2016</subfield><subfield code="e">5/30/2016</subfield><subfield code="l">ON_SHELF</subfield><subfield code="m">UAAUG</subfield><subfield code="n">7</subfield><subfield code="p">$150.00</subfield><subfield code="r">Y</subfield><subfield code="s">Y</subfield><subfield code="t">BOOK</subfield><subfield code="u">2/11/2015</subfield></datafield><datafield ind1=" " ind2=" " tag="926"><subfield code="a">JC323 .B648 2015</subfield><subfield code="w">LC</subfield><subfield code="c">1</subfield><subfield code="i">1007431669</subfield><subfield code="d">2/25/2015</subfield><subfield code="l">ON_SHELF</subfield><subfield code="m">GR_MACEWAN</subfield><subfield code="p">$33.75</subfield><subfield code="r">Y</subfield><subfield code="s">Y</subfield><subfield code="t">BOOK</subfield><subfield code="u">2/12/2015</subfield></datafield></record>